@misc{web:otillo,
    title = {\"{O} till \"{O}},
    url = {\url{http://www.otillo.se/}},
    urldate = {2013-09-18},
    howpublished = {\url{http://www.otillo.se/}},
    key = {otillo},
}
